<record><leader>00000cas a22000007a 4500</leader><controlfield tag="001">15530195</controlfield><controlfield tag="008">870414d18uu1899pauwr ne      0    0eng d</controlfield><datafield ind1=" " ind2=" " tag="010"><subfield code="a">sn 89077585 </subfield></datafield><datafield ind1=" " ind2=" " tag="040"><subfield code="a">NPH</subfield><subfield code="b">eng</subfield><subfield code="c">NPH</subfield><subfield code="d">OCLCQ</subfield></datafield><datafield ind1=" " ind2=" " tag="042"><subfield code="a">msc</subfield></datafield><datafield ind1="0" ind2=" " tag="130"><subfield code="a">Democratic herald (Butler, Pa. : 1882)</subfield></datafield><datafield ind1="1" ind2="4" tag="245"><subfield code="a">The Democratic herald.</subfield></datafield><datafield ind1=" " ind2=" " tag="260"><subfield code="a">Butler, Pa. :</subfield><subfield code="b">J. Ziegler &amp; Son,</subfield><subfield code="c">-1899.</subfield></datafield><datafield ind1=" " ind2=" " tag="300"><subfield code="a">v.</subfield></datafield><datafield ind1=" " ind2=" " tag="310"><subfield code="a">Weekly</subfield></datafield><datafield ind1="0" ind2=" " tag="362"><subfield code="a">-v. 56, no. 48 (June 2, 1899).</subfield></datafield><datafield ind1=" " ind2=" " tag="500"><subfield code="a">Publisher: Ziegler &amp; M'Kee, &lt;1889&gt;.</subfield></datafield><datafield ind1=" " ind2=" " tag="588"><subfield code="a">Description based on: Feb. 2, 1882.</subfield></datafield><datafield ind1=" " ind2=" " tag="752"><subfield code="a">United States</subfield><subfield code="b">Pennsylvania</subfield><subfield code="c">Butler</subfield><subfield code="d">Butler.</subfield></datafield><datafield ind1="0" ind2="0" tag="780"><subfield code="t">Ziegler's Democratic herald</subfield><subfield code="w">(DLC)sn 83032053</subfield></datafield><datafield ind1="0" ind2="7" tag="785"><subfield code="t">Millerstown herald</subfield><subfield code="w">(DLC)sn 86063525</subfield></datafield><datafield ind1="0" ind2="7" tag="785"><subfield code="t">Butler herald (Butler, Pa.)</subfield><subfield code="w">(DLC)sn 89077090</subfield></datafield></record>